@misc{statista2024awsmarketshare,
  author       = {{Statista}},
  title        = {Amazon Maintains Cloud Lead as Microsoft Edges Closer},
  year         = {2024},
  month        = {October},
  url          = {https://www.statista.com/chart/18819/worldwide-market-share-of-leading-cloud-infrastructure-service-providers/},
  note         = {Accessed: 2025-05-09}
}

@INPROCEEDINGS{10823401,
  author={Younis, Rehmana and Iqbal, Mansoor and Munir, Khalid and Javed, Muhammad Aaqib and Haris, Muhammad and Alahmari, Saad},
  booktitle={2024 International Conference on Electrical, Communication and Computer Engineering (ICECCE)}, 
  title={A Comprehensive Analysis of Cloud Service Models: IaaS, PaaS, and SaaS in the Context of Emerging Technologies and Trend}, 
  year={2024},
  volume={},
  number={},
  pages={1-6},
  keywords={Cloud computing;Technological innovation;Analytical models;Costs;Computational modeling;Scalability;Software as a service;Platform as a service;Machine learning;Market research;Cloud Computing;Cloud Service Models;Cloud Emerging Technologies;IaaS (Infrastructure as a Service);PaaS (Platform as a Service);SaaS (Software as a Service)},
  doi={10.1109/ICECCE63537.2024.10823401}}

@INPROCEEDINGS{10602274,
  author={H, Ambika P. and Sujatha, G.},
  booktitle={2024 International Conference on Advances in Computing, Communication and Applied Informatics (ACCAI)}, 
  title={System Hardening using CIS Benchmarks}, 
  year={2024},
  volume={},
  number={},
  pages={1-6},
  keywords={Automation;Operating systems;Standards organizations;Internet security;Organizations;Manuals;Benchmark testing;Automated System Hardening;CIS Benchmarks;Ansible;Security Configuration Management;Windows Server Security;RHEL Security;Vulnerability Management;Compliance;Security Automation;Continuous Monitoring},
  doi={10.1109/ACCAI61061.2024.10602274}}

@misc{cisawsbenchmarkv3,
  author       = {{Center for Internet Security}},
  title        = {CIS Amazon Web Services Foundations Benchmark v3.0.0},
  year         = {2024},
  month        = {May},
  url          = {https://docs.aws.amazon.com/securityhub/latest/userguide/cis-aws-foundations-benchmark.html},
  note         = {Accessed: 2025-06-09}
}